@InProceedings{Ken:11,
        author = {Heafield, Kenneth},
        year = {2011},
        title = {{KenLM: Faster and smaller language model queries}},
        publisher = {Sixth Workshop on Statistical Machine Translation}
}

@InProceedings{Lewis:11,
	author = {Lewis, William and Munro, Robert},
	year = 2011, 
	title = {{Crisis MT: Developing a Cookbook for MT in Crisis Situations}},
	publisher = {\emph{Sixth Workshop on Statistical Machine Translation}}
}

@InProceedings{Claire:98,
	author = {Claire Lefebvre},
	year = 1998,
	title = {{Creole Genesis and the Acquisition of Grammar: The case of Haitian-Creole}},
	publisher = {\emph{Cambridge University Press, Cambridge, England}}
}


@InProceedings{Allen:98,
	author = {Jeffrey Allen},
	year = 1998,
	title = {{Lexical variation in Haitian Creole and orthographic issues for Machine Translation
(MT) and Optical Character Recognition (OCR) applications}},
	publisher = {\emph{Assocation for Machine Translation in the Americas}}
}


@InProceedings{Cohn:07,
	author = {Cohn, Trevor and Lapata, Mirella},
	year = 2007,
	title = {{Machine Translation by Triangulation: Making Effective Use of Multi-Parallel Corpora}},
	publisher = {\emph{Association of Computational Linguistics}}
}


@InProceedings{Utiyama:07,
	author = {Utiyama, Masao and Isahara, Hitoshi},
	year = 2007,
	title = {{A Comparison of Pivot Methods for Phrase-based Statistical Machine Translation}},
	publisher = {\emph{North American Association of Computation Linguistics}}
}


@InProceedings{Ahmed:13,
	author = {Kholy, Ahmed El and Habash, Nizar},
	year = 2013,
	title = {{Language Independent Connectivity Strength Features for Pivot Translation }},
	publisher = {\emph{Association of Computational Linguistics}}
}


@InProceedings{Sanjika:11,
	author = {Hewavitharana, Sanjika and Bach, Nguyen and Gao, Qin and Ambati, Vamshi and Vogel, Stephen}, 
	year = 2011,
	title = {{CMU Haitian Creole-English Translation System for WMT 2011}},
	publisher = {\emph{Sixth Workshop on Statistical Machine Translation}}
}


@InProceedings{Gao:11,
	author = {Gao, Qin and Vogel, Stephen},
	year = 2011,
	title = {{Corpus expansion for statistical machine translation with semantic role label substitution rules}},
	publisher = {\emph{Association of Computational Linguistics}}
}


@InProceedings{Vladimir:11,
	author = {Eidelman, Vladimir  and Hollingshead, Kristy  and Resnik, Philip},
	year = 2011,
	title = {{Noisy SMS Machine Translation in Low-Density Languages}},
	publisher = {\emph{Sixth Workshop on Statistical Machine Translation}}
}


@InProceedings{Hardmeier:11,
	author = {Hardmeier, Christian and Jörg Tiedemann, Markus Saers, Marcello Federico and Mathur Prashant},
	year = 2011,
	title = {{The Uppsala-FBK systems at WMT 2011}},
	publisher = {\emph{Sixth Workshop on Statistical Machine Translation}}
}


@InProceedings{Saers:10,
	author = {Saers, Markus and Nivre, Joakim and Wu, Dekai},
	year = 2010,
	title = {{Word alignment with stochastic bracketing linear inversion transduction grammar}},
	publisher = {\emph{North American Chapter of the Association of Computational Linguistics}}
}


@InProceedings{Marta:11,
	author = {R.Costa-jussa, Marta and Banchs, Rafeael}, 
	year = 2011,
	title = {{The BM-I2R Haitian-Creole-to-English translation system description for the WMT 2011 evaluation campaign}},
	publisher = {\emph{Sixth Workshop on Statistical Machine Translation}}
}

@InProceedings{Banchs:11,
	author = {Banchs, Rafeael and Costa-jussa`, M.R},
	year = {2011},
	title = {{A semantic feature for statistical machine translation}},
	publisher = {\emph{Fifth Workshop on Syntax, Semantics and Structure in Statistical Translation}}
}

@InProceedings{Sara:11,
	author = {Sara Stymne},
	year = {2011},
	title = {{Spell Checking Techniques for Replacement of Unknown Words and Data Cleaning for Haitian Creole SMS Translation}},
	publisher = {\emph{Sixth Workshop on Statistical Machine Translation}}

}
@INPROCEEDINGS{Gispert:06,
    author = {Adrià De Gispert and José B. Mariño},
    title = {{Statistical machine translation without parallel corpus: bridging through Spanish}},
    publisher={\emph{5th International Conference on Language Resources and Evaluation}},
    year = {2006},
    pages = {65--68}
}


@InProceedings{Koehn:07,
	author={Koehn, Philipp and Hoang, Hieu and Birch, Alexandra and Callison-Burch, Chris and Federico, Marcello and Bertold, Nicola and Cowan, Brooke and Shen, Wade and Moran, Christine and Zens, Richard and Dyer, Chris and Bojar, Ondrej and Constantin, Alexandra and Herbst, Evan},
	year = {2007},
	title = {{Moses: Open source toolkit for statistical machine translation}},
	publisher = {\emph{Association of Computational Linguistics}}
}



@InProceedings{Stolcke:02,
	author= {Stolcke, Andreas},
	year = {2002},
	title = {{SRILM - An extensible language modeling toolkit}},
	publisher = {\emph{International Conference on Spoken Language Processing}}
}


@InProceedings{OchNey:03,
	author={Franz Josef Och and Hermann Ney},
	year = {2003},
	title = {{A systematic comparison of various statistical alignment models}},
	publisher = {\emph{Association of Computational Linguistics}}
}


@InProceedings{Och:03,
	author={Franz Josef Och},
	year = {2003},
	title = {{Minimum Error Rate Training in Statistical Machine Translation}},
	publisher = {\emph{Association of Computational Linguistics}} 
}


@InProceedings{Papineni:02,
	author={Papineni, Kishore and Roukos, Salim and Ward, Todd and Zhu, Wei-Jing},
	year = {2002},
	title = {{BLEU: a Method for Automatic Evaluation of Machine Translation}},
	publisher = {\emph{Association for Computational Linguistics}}
}

@InProceedings{Nakov:12,
	author={Nakov, Preslav and Ng, Hwee Tou},
	year = {2012}, 
	title = {{Improving Statistical Machine Translation for a Resource-Poor Language Using Related Resource-Rich Languages}},
	publisher = {\emph{Journal of Artificial Intelligence Research}}
}

@InProceedings{Nakovemnlp:12,
	author = {Wang, Pudong and Nakov, Preslav and Ng, Hwee Tou},
	year = {2012},
	title = {{Source Language Adaptation for Resource-Poor Machine Translation}},
	publisher = {\emph{Association for Computational Linguistics}}
}
